<record><leader>00000cas a2200000 a 4500</leader><controlfield tag="001">25735585</controlfield><controlfield tag="007">hd afu---bucu</controlfield><controlfield tag="007">hd bfu---bubu</controlfield><controlfield tag="008">920429d18051809ohuwr nea     0    0eng c</controlfield><datafield ind1=" " ind2=" " tag="010"><subfield code="a">  2013252362</subfield></datafield><datafield ind1=" " ind2=" " tag="040"><subfield code="a">EXW</subfield><subfield code="b">eng</subfield><subfield code="c">EXW</subfield><subfield code="d">OCL</subfield><subfield code="d">OCLCQ</subfield><subfield code="d">OCLCG</subfield><subfield code="d">OCLCQ</subfield><subfield code="d">WAU</subfield><subfield code="d">OCLCF</subfield></datafield><datafield ind1=" " ind2=" " tag="042"><subfield code="a">pcc</subfield></datafield><datafield ind1="0" ind2="4" tag="245"><subfield code="a">The Western spy, and Miami gazette</subfield><subfield code="h">[microform].</subfield></datafield><datafield ind1=" " ind2=" " tag="260"><subfield code="a">Cincinnati [Ohio] :</subfield><subfield code="b">J. Carpenter &amp; Co.</subfield></datafield><datafield ind1=" " ind2=" " tag="300"><subfield code="a">v. ;</subfield><subfield code="c">45-51 cm.</subfield></datafield><datafield ind1=" " ind2=" " tag="310"><subfield code="a">Weekly</subfield></datafield><datafield ind1=" " ind2=" " tag="336"><subfield code="a">text</subfield><subfield code="b">txt</subfield><subfield code="2">rdacontent</subfield></datafield><datafield ind1=" " ind2=" " tag="337"><subfield code="a">microform</subfield><subfield code="b">h</subfield><subfield code="2">rdamedia</subfield></datafield><datafield ind1=" " ind2=" " tag="338"><subfield code="a">microfilm reel</subfield><subfield code="b">hd</subfield><subfield code="2">rdacarrier</subfield></datafield><datafield ind1="1" ind2=" " tag="362"><subfield code="a">Began with: Vol. 7, no. 6 (Sept. 4, 1805).</subfield></datafield><datafield ind1="1" ind2=" " tag="362"><subfield code="a">Ceased with Apr. 6, 1809 issue.</subfield><subfield code="z">Cf. Gutgesell, S. Guide to Ohio newspapers, 1974.</subfield></datafield><datafield ind1=" " ind2=" " tag="500"><subfield code="a">Imprint varies: Published by Joseph Carpenter, &lt;1805&gt;; printed by David L. Carney, &lt;1807&gt;.</subfield></datafield><datafield ind1=" " ind2=" " tag="515"><subfield code="a">Vols. also carry whole numbering, no. 318-470.</subfield></datafield><datafield ind1=" " ind2=" " tag="533"><subfield code="a">Microfilm.</subfield><subfield code="b">Columbus, Ohio :</subfield><subfield code="c">Filmed by Metropolitan Microfilming Co. for The Historical and Philosophical Society of Ohio,</subfield><subfield code="e">microfilm reels ; 35 mm. ; negative.</subfield><subfield code="n">Filmed with: Western spy, and Hamilton gazette; Western spy; Western spy, and Cincinnati general advertiser; and : Western spy and literary cadet.</subfield></datafield><datafield ind1=" " ind2=" " tag="588"><subfield code="a">Description based on: Vol. 7, no. 6 (Sept. 4, 1805); title from masthead.</subfield></datafield><datafield ind1=" " ind2=" " tag="588"><subfield code="a">Latest issue consulted: Vol. 10, no. 2 (Aug. 13, 1808).</subfield></datafield><datafield ind1=" " ind2="0" tag="651"><subfield code="a">Cincinnati (Ohio)</subfield><subfield code="v">Newspapers.</subfield></datafield><datafield ind1=" " ind2="0" tag="651"><subfield code="a">Hamilton County (Ohio)</subfield><subfield code="v">Newspapers.</subfield></datafield><datafield ind1=" " ind2="7" tag="655"><subfield code="a">Newspapers.</subfield><subfield code="2">fast</subfield><subfield code="0">(OCoLC)fst01423814</subfield></datafield><datafield ind1=" " ind2="7" tag="651"><subfield code="a">Ohio</subfield><subfield code="z">Cincinnati.</subfield><subfield code="2">fast</subfield><subfield code="0">(OCoLC)fst01205142</subfield></datafield><datafield ind1=" " ind2="7" tag="651"><subfield code="a">Ohio</subfield><subfield code="z">Hamilton County.</subfield><subfield code="2">fast</subfield><subfield code="0">(OCoLC)fst01205597</subfield></datafield><datafield ind1="1" ind2=" " tag="700"><subfield code="a">Carpenter, Joseph,</subfield><subfield code="d">1775-1814.</subfield></datafield><datafield ind1="1" ind2=" " tag="700"><subfield code="a">Carney, David L.,</subfield><subfield code="d">1780?-1856.</subfield></datafield><datafield ind1="2" ind2=" " tag="710"><subfield code="a">Historical and Philosophical Society of Ohio.</subfield></datafield><datafield ind1=" " ind2=" " tag="752"><subfield code="a">United States</subfield><subfield code="b">Ohio</subfield><subfield code="c">Hamilton</subfield><subfield code="d">Cincinnati.</subfield></datafield><datafield ind1="1" ind2=" " tag="776"><subfield code="t">Western spy, and Miami gazette</subfield><subfield code="w">(DLC)sn 83035058</subfield><subfield code="w">(OCoLC)9391378</subfield></datafield><datafield ind1="0" ind2="0" tag="780"><subfield code="t">Western spy, and Hamilton gazette</subfield><subfield code="w">(DLC)  2013252361</subfield><subfield code="w">(OCoLC)7919361</subfield></datafield><datafield ind1="0" ind2="0" tag="785"><subfield code="t">Western spy (Cincinnati, Ohio : 1810)</subfield><subfield code="w">(DLC)  2013252363</subfield><subfield code="w">(OCoLC)39851780</subfield></datafield></record>